{
  "leader": "02581cam a22004691i 4500",
  "fields": [
    {
      "001": "ocm00757616\\"
    },
    {
      "003": "OCoLC"
    },
    {
      "005": "20220629151043.0"
    },
    {
      "008": "731210s1956\\\\\\\\ncuacf\\\\\\\\\\\\\\\\010\\0beng\\\\"
    },
    {
      "010": {
        "ind1": "\\",
        "ind2": "\\",
        "subfields": [
          {
            "a": "   56014299 "
          }
        ]
      }
    },
    {
      "040": {
        "ind1": "\\",
        "ind2": "\\",
        "subfields": [
          {
            "a": "DLC"
          },
          {
            "b": "eng"
          },
          {
            "e": "rda"
          },
          {
            "c": "KSU"
          },
          {
            "d": "DLC"
          },
          {
            "d": "BTCTA"
          },
          {
            "d": "OCLCG"
          },
          {
            "d": "EYM"
          },
          {
            "d": "OCLCQ"
          },
          {
            "d": "OCLCO"
          },
          {
            "d": "OCLCF"
          },
          {
            "d": "CUY"
          },
          {
            "d": "OCLCA"
          },
          {
            "d": "OCLCQ"
          },
          {
            "d": "IUL"
          },
          {
            "d": "OCLCO"
          },
          {
            "d": "PHA"
          },
          {
            "d": "YBM"
          },
          {
            "d": "OCLCO"
          },
          {
            "d": "OCL"
          },
          {
            "d": "DPL"
          },
          {
            "d": "OCLCO"
          }
        ]
      }
    },
    {
      "019": {
        "ind1": "\\",
        "ind2": "\\",
        "subfields": [
          {
            "a": "1010975249"
          },
          {
            "a": "1154953817"
          },
          {
            "a": "1167499113"
          }
        ]
      }
    },
    {
      "035": {
        "ind1": "\\",
        "ind2": "\\",
        "subfields": [
          {
            "a": "(OCoLC)757616"
          },
          {
            "z": "(OCoLC)1010975249"
          },
          {
            "z": "(OCoLC)1154953817"
          },
          {
            "z": "(OCoLC)1167499113"
          }
        ]
      }
    },
    {
      "050": {
        "ind1": "0",
        "ind2": "0",
        "subfields": [
          {
            "a": "E185.97.M92"
          },
          {
            "b": "H8"
          }
        ]
      }
    },
    {
      "082": {
        "ind1": "0",
        "ind2": "4",
        "subfields": [
          {
            "a": "923.773"
          },
          {
            "b": "ROB"
          }
        ]
      }
    },
    {
      "245": {
        "ind1": "0",
        "ind2": "0",
        "subfields": [
          {
            "a": "Robert Russa Moton of Hampton and Tuskegee /"
          },
          {
            "c": "edited by William Hardin Hughes [and] Frederick D. Patterson."
          }
        ]
      }
    },
    {
      "264": {
        "ind1": "\\",
        "ind2": "1",
        "subfields": [
          {
            "a": "Chapel Hill, NC :"
          },
          {
            "b": "University of North Carolina Press,"
          },
          {
            "c": "[1956]"
          }
        ]
      }
    },
    {
      "300": {
        "ind1": "\\",
        "ind2": "\\",
        "subfields": [
          {
            "a": "xii, 238 pages, [1] leaf of plates, 4 unnumbered pages of plates :"
          },
          {
            "b": "illustrations ;"
          },
          {
            "c": "24 cm"
          }
        ]
      }
    },
    {
      "336": {
        "ind1": "\\",
        "ind2": "\\",
        "subfields": [
          {
            "a": "text"
          },
          {
            "b": "txt"
          },
          {
            "2": "rdacontent"
          }
        ]
      }
    },
    {
      "336": {
        "ind1": "\\",
        "ind2": "\\",
        "subfields": [
          {
            "a": "still image"
          },
          {
            "b": "sti"
          },
          {
            "2": "rdacontent"
          }
        ]
      }
    },
    {
      "337": {
        "ind1": "\\",
        "ind2": "\\",
        "subfields": [
          {
            "a": "unmediated"
          },
          {
            "b": "n"
          },
          {
            "2": "rdamedia"
          }
        ]
      }
    },
    {
      "338": {
        "ind1": "\\",
        "ind2": "\\",
        "subfields": [
          {
            "a": "volume"
          },
          {
            "b": "nc"
          },
          {
            "2": "rdacarrier"
          }
        ]
      }
    },
    {
      "500": {
        "ind1": "\\",
        "ind2": "\\",
        "subfields": [
          {
            "a": "\"Volume of tributes to the life of Dr. Robert Russa Moton.\""
          }
        ]
      }
    },
    {
      "505": {
        "ind1": "0",
        "ind2": "\\",
        "subfields": [
          {
            "a": "Ancestry and early life -- Doing and learning -- Black, white, and red -- At Hampton and afield -- The major -- To Tuskegee -- The first six years -- A man of courage -- The new Negro -- A pragmatic educator -- Cooperative action -- A southern statesman -- Jennie B. Moton -- Administrator and man."
          }
        ]
      }
    },
    {
      "600": {
        "ind1": "1",
        "ind2": "0",
        "subfields": [
          {
            "a": "Moton, Robert Russa,"
          },
          {
            "d": "1867-1940."
          }
        ]
      }
    },
    {
      "650": {
        "ind1": "\\",
        "ind2": "0",
        "subfields": [
          {
            "a": "Civil rights workers"
          },
          {
            "z": "United States."
          }
        ]
      }
    },
    {
      "650": {
        "ind1": "\\",
        "ind2": "0",
        "subfields": [
          {
            "a": "Educators"
          },
          {
            "z": "United States."
          }
        ]
      }
    },
    {
      "610": {
        "ind1": "2",
        "ind2": "0",
        "subfields": [
          {
            "a": "Tuskegee Institute."
          }
        ]
      }
    },
    {
      "610": {
        "ind1": "2",
        "ind2": "0",
        "subfields": [
          {
            "a": "Hampton Institute."
          }
        ]
      }
    },
    {
      "600": {
        "ind1": "1",
        "ind2": "7",
        "subfields": [
          {
            "a": "Moton, Robert Russa,"
          },
          {
            "d": "1867-1940."
          },
          {
            "2": "fast"
          },
          {
            "0": "(OCoLC)fst00098593"
          }
        ]
      }
    },
    {
      "610": {
        "ind1": "2",
        "ind2": "7",
        "subfields": [
          {
            "a": "Hampton Institute."
          },
          {
            "2": "fast"
          },
          {
            "0": "(OCoLC)fst00511738"
          }
        ]
      }
    },
    {
      "610": {
        "ind1": "2",
        "ind2": "7",
        "subfields": [
          {
            "a": "Tuskegee Institute."
          },
          {
            "2": "fast"
          },
          {
            "0": "(OCoLC)fst00542626"
          }
        ]
      }
    },
    {
      "650": {
        "ind1": "\\",
        "ind2": "7",
        "subfields": [
          {
            "a": "Educators."
          },
          {
            "2": "fast"
          },
          {
            "0": "(OCoLC)fst00903702"
          }
        ]
      }
    },
    {
      "650": {
        "ind1": "\\",
        "ind2": "7",
        "subfields": [
          {
            "a": "Civil rights workers."
          },
          {
            "2": "fast"
          },
          {
            "0": "(OCoLC)fst00862721"
          }
        ]
      }
    },
    {
      "651": {
        "ind1": "\\",
        "ind2": "7",
        "subfields": [
          {
            "a": "United States."
          },
          {
            "2": "fast"
          },
          {
            "0": "(OCoLC)fst01204155"
          }
        ]
      }
    },
    {
      "700": {
        "ind1": "1",
        "ind2": "\\",
        "subfields": [
          {
            "a": "Hughes, W. Hardin,"
          },
          {
            "e": "editor."
          }
        ]
      }
    },
    {
      "700": {
        "ind1": "1",
        "ind2": "\\",
        "subfields": [
          {
            "a": "Patterson, Frederick D."
          },
          {
            "q": "(Frederick Douglass),"
          },
          {
            "d": "1901-1988,"
          },
          {
            "e": "editor."
          }
        ]
      }
    },
    {
      "776": {
        "ind1": "0",
        "ind2": "8",
        "subfields": [
          {
            "i": "Online version:"
          },
          {
            "a": "Hughes, William Hardin, 1881-"
          },
          {
            "t": "Robert Russa Moton of Hampton and Tuskegee."
          },
          {
            "d": "Chapel Hill, University of North Carolina Press [1956]"
          },
          {
            "w": "(OCoLC)563979586"
          }
        ]
      }
    },
    {
      "776": {
        "ind1": "0",
        "ind2": "8",
        "subfields": [
          {
            "i": "Online version:"
          },
          {
            "a": "Hughes, William Hardin, 1881-"
          },
          {
            "t": "Robert Russa Moton of Hampton and Tuskegee."
          },
          {
            "d": "Chapel Hill, University of North Carolina Press [1956]"
          },
          {
            "w": "(OCoLC)629934726"
          }
        ]
      }
    },
    {
      "994": {
        "ind1": "\\",
        "ind2": "\\",
        "subfields": [
          {
            "a": "Z0"
          },
          {
            "b": "NYRVC"
          }
        ]
      }
    },
    {
      "948": {
        "ind1": "\\",
        "ind2": "\\",
        "subfields": [
          {
            "h": "NO HOLDINGS IN NYRVC - 244 OTHER HOLDINGS"
          }
        ]
      }
    },
    {
      "999": {
        "ind1": "\\",
        "ind2": "\\",
        "subfields": [
          {
            "a": "00000000013166"
          }
        ]
      }
    }
  ]
}